@inproceedings{ClarkeJS05,
  author    = {Edmund M. Clarke and
               Himanshu Jain and
               Nishant Sinha},
  title     = {Grand Challenge: Model Check Software},
  booktitle = {VISSAS},
  year      = {2005},
  pages     = {55-68},
  crossref  = {DBLP:conf/vissas/2005},
  bibsource = {DBLP, http://dblp.uni-trier.de}
}